<?xml version="1.0" encoding="UTF-8"?><collection xmlns="http://www.loc.gov/MARC21/slim"><record><leader>00434nam--2200157-i-4500</leader><controlfield tag="001">000006784</controlfield><controlfield tag="002">20161230</controlfield><controlfield tag="005">20170222001140</controlfield><controlfield tag="008">060222s1000------------r-----000-0-eng-d</controlfield><datafield ind1=" " ind2=" " tag="100"><subfield code="a">Randall, B</subfield></datafield><datafield ind1=" " ind2=" " tag="245"><subfield code="a">Algol 60 implementation</subfield><subfield code="c">General Editor : Richard Goodman</subfield></datafield><datafield ind1=" " ind2=" " tag="260"><subfield code="a">London</subfield><subfield code="b">Academic Press</subfield></datafield><datafield ind1=" " ind2=" " tag="490"><subfield code="a">A.P.I.C. Studies In Data Processing</subfield></datafield><datafield ind1=" " ind2=" " tag="700"><subfield code="a">Goodman, Richard</subfield></datafield><datafield ind1=" " ind2=" " tag="852"><subfield code="a">18456</subfield></datafield><datafield ind1=" " ind2=" " tag="CAT"><subfield code="a">SYS</subfield><subfield code="c">20170222</subfield><subfield code="h">001140</subfield></datafield></record></collection>